@book{Cairo,
    author    = "Osvaldo Cairo and Silvia Guardati",
    title     = "Estructuras de Datos",
    year      = "1993",
    publisher = "Mc Graw Hill",
    edition = "3rd"

}

@book{Ceballos,
    author    = "Francisco Javier Ceballos",
    title     = "Java 2. Curso de programaci√≥n.",
    year      = "2010",
    publisher = "Madrid: Ra-Ma S.A.",
    edition = "4th"

}

@book{Cormen,
    author    = "Thomas Cormen and Charles Leiserson and Ronald Rivest and Clifford Stein",
    title     = "Introduction to Algorithms",
    year      = "2009",
    publisher = "Massachusetts Institute of Technology",
    edition = "3rd"

}

@book{Joyanes,
    author    = "Luis Joyanes Aguilar and Ignacio Zahonero",
    title     = "Estructuras de datos en Java",
    year      = "2008",
    publisher = "Mc Graw Hill",
    edition = "1st"

}

@book{McConnell,
    author    = "Jeffrey McConnell",
    title     = "Analysis of Algorithms: An Active Learning Approach",
    year      = "2001",
    publisher = "Jones and Bartlett Publishers.",
    edition = "1st"

}

@book{Skiena,
    author    = "Steven Skiena",
    title     = "The Algorithm Design Manual",
    year      = "2008",
    publisher = "Springer",
    edition = "2nd"

}

@misc{1,
  title = {{Radix-Sort}},
  howpublished = {Recuperado de: \url{https://www.geeksforgeeks.org/radix-sort/}},
  note = {Fecha de consulta: 9/03/2020}
}



